@misc{intel,
	title="Процессор Intel Core i3-7020u [Электронный ресурс]",
	howpublished="Режим доступа: \url{https://www.intel.ru/content/www/ru/ru/products/sku/122590/intel-core-i37020u-processor-3m-cache-2-30-ghz/specifications.html} (дата обращения: 18.10.2021)"
}

@misc{windows10,
	title="Windows 10 [Электронный ресурс]",
	howpublished="Режим доступа: \url{https://www.microsoft.com/ru-ru/windows/windows-10-specifications} (дата обращения: 18.10.2021)"
}

@misc{std=c99,
	title="ISO/IEC 9899:1999 [Электронный ресурс]",
	howpublished="Режим доступа: \url{http://www.open-std.org/jtc1/sc22/wg14/www/docs/n1124.pdf} (дата обращения: 22.10.2021)"
}

@misc{matrix,
	title="Матрица [Электронный ресурс]",
	howpublished="Режим доступа: \url{https://terme.ru/termin/matrica.html} (дата обращения: 27.10.2021)"
}

@misc{vinogr,
	title="Умножение матриц [Электронный ресурс]",
	howpublished="Режим доступа: \url{http://algolib.narod.ru/Math/Matrix.html} (дата обращения: 27.10.2021)"
}