@misc{intel,
	title="Процессор Intel Core i3-7020u [Электронный ресурс]",
	howpublished="Режим доступа: \url{https://www.intel.ru/content/www/ru/ru/products/sku/122590/intel-core-i37020u-processor-3m-cache-2-30-ghz/specifications.html} (дата обращения: 18.10.2021)"
}

@misc{windows10,
	title="Windows 10 [Электронный ресурс]",
	howpublished="Режим доступа: \url{https://www.microsoft.com/ru-ru/windows/windows-10-specifications} (дата обращения: 18.10.2021)"
}

@misc{std=c99,
	title="ISO/IEC 9899:1999 [Электронный ресурс]",
	howpublished="Режим доступа: \url{http://www.open-std.org/jtc1/sc22/wg14/www/docs/n1124.pdf} (дата обращения: 22.10.2021)"
}

@inbook{
	bubbleSort,
	author="Левитин А. В.",
	title="Алгоритмы. Введение в разработку и анализ",
	publisher="-- М.: Вильямс",
	volume=3,
	series="Глава 3. Метод грубой силы: Сортировка выбором",
	pages="143-143",
	language="russian",
	year=2006
}

@inbook{
	selectionSort,
	author="Левитин А. В.",
	title="Алгоритмы. Введение в разработку и анализ",
	publisher="-- М.: Вильямс",
	volume=3,
	series="Глава 3. Метод грубой силы: Пузырьковая сортировка",
	pages="144-146",
	language="russian",
	year=2006
}

@inbook{
	insertionSort,
	author="Ахо А. В.",
	title="Data structures and algorithms",
	publisher="-- М.: Вильямс",
	pages="231",
	language="russian",
	year=2000
}