@misc{intel,
	title="Процессор Intel Core i5-1135G7 [Электронный ресурс]",
	howpublished="Режим доступа: \url{https://www.intel.ru/content/www/ru/ru/products/sku/208658/intel-core-i51135g7-processor-8m-cache-up-to-4-20-ghz/specifications.html} (дата обращения: 27.11.2021)"
}

@misc{ubuntu,
	title="Ubuntu 20.04 LTS [Электронный ресурс]",
	howpublished="Режим доступа: \url{https://releases.ubuntu.com/20.04/} (дата обращения: 27.11.2021)"
}

@misc{std=c99,
	title="ISO/IEC 9899:1999 [Электронный ресурс]",
	howpublished="Режим доступа: \url{http://www.open-std.org/jtc1/sc22/wg14/www/docs/n1124.pdf} (дата обращения: 22.10.2021)"
}

@misc{threads,
	title="Потоки и работа с ними [Электронный ресурс]",
	howpublished="Режим доступа: \url{https://docs.microsoft.com/ru-ru/dotnet/standard/threading/threads-and-threading} (дата обращения: 28.10.2021)"
}

@misc{pipeline,
	title="Воеводин Вл. В. Параллельная обработка данных [Электронный ресурс]",
	howpublished="Режим доступа: \url{https://parallel.ru/vvv/lec1.html} (дата обращения: 27.11.2021)"
}
