% Encoding: UTF-8

@Book{ling,
  author = {Ефремова Н.Э., Клышинский Э.С.},
  title  = {Автоматическая обработка текстов на естественном языке и анализ данных},
}

@Book{knuth,
  author    = {Кнут Д. Э},
  publisher = {Вильямс},
  title     = {Искусство программирования. Том 3. Сортировка и поиск.},
  year      = {2001},
}

@Online{go,
  title   = {Go},
  url     = {https://go.dev/},
  urldate = {2021-11-26},
}

@Online{intel,
  title   = {Процессор Intel® Core™ i3-8145U},
  url     = {https://ark.intel.com/content/www/ru/ru/ark/products/149090/intel-core-i3-8145u-processor-4m-cache-up-to-3-90-ghz.html},
  urldate = {2021-11-26},
}

@Online{wordstat,
  title   = {English Letter Frequency Counts},
  url     = {http://norvig.com/mayzner.html},
  urldate = {2021-11-26},
}

@Online{ryzen,
  title   = {Процессор AMD Ryzen 5 3500U},
  url     = {https://www.amd.com/ru/products/apu/amd-ryzen-5-3500u},
  urldate = {2021-09-29},
}

@InBook{queue,
  author    = {Donald Knuth},
  chapter   = {Stacks, Queues, and Dequeues},
  pages     = {238–243},
  publisher = {Addison-Wesley},
  title     = {The Art of Computer Programming. Volume 1: Fundamental Algorithms, Third Edition.},
  year      = {1997},
}

@Online{rune,
  title   = {Strings, bytes, runes and characters in Go},
  url     = {https://go.dev/blog/strings},
  urldate = {2021-09-22},
}

@Book{ant-ulya,
  author    = {М. В. Ульянов},
  editor    = {В. С. Аролович},
  publisher = {Физматлит},
  title     = {Ресурсно-эффективные компьютерные алгоритмы. Разработка и анализ},
  year      = {2008},
}

@Misc{go,
  howpublished = {Режим доступа: \url{https://go.dev/}},
  note         = {Дата обращения: 14.11.2021},
  title        = {Go [Электронный ресурс]},
}

@Misc{linux,
  howpublished = {Режим доступа: \url{https://linux.org}},
  note         = {Дата обращения: 14.09.2021},
  title        = {Linux -- Getting Started [Электронный ресурс]},
}

@Comment{jabref-meta: databaseType:bibtex;}
