@misc{intel,
	title="Процессор Intel Core i5-1135G7 [Электронный ресурс]",
	howpublished="Режим доступа: \url{https://www.intel.ru/content/www/ru/ru/products/sku/208658/intel-core-i51135g7-processor-8m-cache-up-to-4-20-ghz/specifications.html} (дата обращения: 27.11.2021)"
}

@misc{ubuntu,
	title="Ubuntu 20.04 LTS [Электронный ресурс]",
	howpublished="Режим доступа: \url{https://releases.ubuntu.com/20.04/} (дата обращения: 27.11.2021)"
}

@misc{time,
	title="Time access and conversions [Электронный ресурс]",
	howpublished="Режим доступа: \url{https://docs.python.org/3/library/time.html} (дата обращения: 14.12.2021)"
}

@misc{enum,
	title="Алгоритмы полного перебора [Электронный ресурс]",
	howpublished="Режим доступа: \url{http://edu.mmcs.sfedu.ru/pluginfile.php/32742/mod_resource/content/Переборные_алгоритмы.pdf} (дата обращения: 14.12.2021)"
}

@inbook{
	ant,
	author="Штовба С. Д.",
	title="Муравьиные алгоритмы",
	publisher="Exponenta Pro.",
	language="russian",
	year=2004
}

@inbook{
	travelProblem,
	author="Левитин А. В.",
	title="Алгоритмы. Введение в разработку и анализ",
	publisher="-- М.: Вильямс",
	volume=3,
	series="Глава 3. Метод грубой силы: Задача коммивояжёра ",
	pages="159-160",
	language="russian",
	year=2006
}
