@misc{intel,
	title="Процессор Intel Core i3-7020u [Электронный ресурс]",
	howpublished="Режим доступа: \url{https://www.intel.ru/content/www/ru/ru/products/sku/122590/intel-core-i37020u-processor-3m-cache-2-30-ghz/specifications.html} (дата обращения: 18.10.2021)"
}

@misc{windows10,
	title="Windows 10 [Электронный ресурс]",
	howpublished="Режим доступа: \url{https://www.microsoft.com/ru-ru/windows/windows-10-specifications} (дата обращения: 18.10.2021)"
}

@misc{std=c99,
	title="ISO/IEC 9899:1999 [Электронный ресурс]",
	howpublished="Режим доступа: \url{http://www.open-std.org/jtc1/sc22/wg14/www/docs/n1124.pdf} (дата обращения: 22.10.2021)"
}

@misc{threads,
	title="Потоки и работа с ними [Электронный ресурс]",
	howpublished="Режим доступа: \url{https://docs.microsoft.com/ru-ru/dotnet/standard/threading/threads-and-threading} (дата обращения: 28.10.2021)"
}

@misc{int,
	title="Вычисление определенного интеграла методом трапеции [Электронный ресурс]",
	howpublished="Режим доступа: \url{http://www.cleverstudents.ru/integral/method_of_trapezoids.html} (дата обращения: 28.10.2021)"
}